@misc{relatorio2015,
  title={Relat{\'o}rio global sobre o estado da seguran{\c{c}}a vi{\'a}ria 2015},
  author={{Organiza{\c{c}}{\~a}o Mundial de Sa{\'u}de}},
  year={2015},
  publisher={Organiza{\c{c}}{\~a}o Mundial de Sa{\'u}de}
}

@inproceedings{cheng2013,
  title={Reliable inter-vehicle broadcast communication with sectorized roadside relay station},
  author={Cheng, Huiting and Yamao, Yasushi},
  booktitle={Vehicular Technology Conference (VTC Spring), 2013 IEEE 77th},
  pages={1--5},
  year={2013},
  organization={IEEE}
}

@article{khabazian2013,
  title={Performance modeling of safety messages broadcast in vehicular ad hoc networks},
  author={Khabazian, Mehdi and A{\"\i}ssa, Sonia and Mehmet-Ali, Mustafa},
  journal={IEEE transactions on intelligent transportation systems},
  volume={14},
  number={1},
  pages={380--387},
  year={2013},
  publisher={IEEE}
}

@article{bae2013,
  title={Analysis of optimal random access for broadcasting with deadline in cognitive radio networks},
  author={Bae, Yun Han},
  journal={IEEE Communications Letters},
  volume={17},
  number={3},
  pages={573--575},
  year={2013},
  publisher={IEEE}
}

@article{rivera2015,
  title={Difus{\~a}o peri{\'o}dica {\'o}tima em redes veiculares com restri{\c{c}}{\~a}o de tempo considerando o terminal escondido},
  author={Montealegre Rivera, Juan Camilo},
  year={2015}
}

@inproceedings{rivera2014,
  title={Deadline-constrained optimal broadcasting under hidden terminals in cognitive networks},
  author={Montealegre Rivera, Juan C and Carvalho, Marcelo M and de Moraes, Renato M},
  booktitle={Proceedings of the Latin America Networking Conference on LANC 2014},
  pages={13},
  year={2014},
  organization={ACM}
}

