@book {goossens:1994,
    author = {Michel Goossens
              and Frank Mittelbach
              and Alexander Samarin},
    title = {The \LaTeX Companion},
    publisher = {Addison Wesley},
    year = {1994},
    address = {Reading, MA},
}

@book {knuth:1986,
    author = {Donald E. Knuth},
    title = {The \TeX book},
    publisher = {Addison Wesley},
    year = {1986},
    volume = {A},
    series = {Computers \& Typesetting},
    address = {Reading, MA},
}

@book {lamport:1985,
    author = {Leslie Lamport},
    title = {\LaTeX---A Document Preparation System---UserÂ´s Guide and Reference Manual},
    publisher = {Addison Wesley},
    year = {1985},
    address = {Reading, MA},
}
